@misc{Zhang2018,
  Author = {Han Zhang and Ian Goodfellow and Dimitris Metaxas and Augustus Odena},
  Title = {Self-Attention Generative Adversarial Networks},
  Year = {2018},
  Eprint = {arXiv:1805.08318},
}

@misc{Goodfellow2014,
  Author = {Ian J. Goodfellow and Jean Pouget-Abadie and Mehdi Mirza and Bing Xu and David Warde-Farley and Sherjil Ozair and Aaron Courville and Yoshua Bengio},
  Title = {Generative Adversarial Networks},
  Year = {2014},
  Eprint = {arXiv:1406.2661},
}

@misc{Cheng2016,
  Author = {Jianpeng Cheng and Li Dong and Mirella Lapata},
  Title = {Long Short-Term Memory-Networks for Machine Reading},
  Year = {2016},
  Eprint = {arXiv:1601.06733},
}

@misc{Brock2018,
  Author = {Andrew Brock and Jeff Donahue and Karen Simonyan},
  Title = {Large Scale GAN Training for High Fidelity Natural Image Synthesis},
  Year = {2018},
  Eprint = {arXiv:1809.11096},
}

@misc{Bahdanau2014,
  Author = {Dzmitry Bahdanau and Kyunghyun Cho and Yoshua Bengio},
  Title = {Neural Machine Translation by Jointly Learning to Align and Translate},
  Year = {2014},
  Eprint = {arXiv:1409.0473},
}

@misc{Zhang2019,
  Author = {Xu Zhang and Svebor Karaman and Shih-Fu Chang},
  Title = {Detecting and Simulating Artifacts in GAN Fake Images},
  Year = {2019},
  Eprint = {arXiv:1907.06515},
}

@misc{Salimans2016,
  Author = {Tim Salimans and Ian Goodfellow and Wojciech Zaremba and Vicki Cheung and Alec Radford and Xi Chen},
  Title = {Improved Techniques for Training GANs},
  Year = {2016},
  Eprint = {arXiv:1606.03498},
}

@article{Heusel2017,
  Author = {Martin Heusel and Hubert Ramsauer and Thomas Unterthiner and Bernhard Nessler and Sepp Hochreiter},
  Title = {GANs Trained by a Two Time-Scale Update Rule Converge to a Local Nash Equilibrium},
  Year = {2017},
  Eprint = {arXiv:1706.08500},
  Howpublished = {Advances in Neural Information Processing Systems 30 (NIPS 2017)},
}
